<record><leader>00000cas a22000007a 4500</leader><controlfield tag="001">22606621</controlfield><controlfield tag="008">901030d19691980maudn ne      0    0eng d</controlfield><datafield ind1=" " ind2=" " tag="010"><subfield code="a">sn 89062517 </subfield></datafield><datafield ind1=" " ind2=" " tag="040"><subfield code="a">MGN</subfield><subfield code="b">eng</subfield><subfield code="c">MGN</subfield><subfield code="d">OCLCQ</subfield></datafield><datafield ind1=" " ind2=" " tag="042"><subfield code="a">msc</subfield></datafield><datafield ind1="0" ind2=" " tag="130"><subfield code="a">Daily times (Woburn, Mass.)</subfield></datafield><datafield ind1="1" ind2="0" tag="245"><subfield code="a">Daily times.</subfield></datafield><datafield ind1="1" ind2="7" tag="246"><subfield code="a">Woburn daily times</subfield></datafield><datafield ind1=" " ind2=" " tag="260"><subfield code="a">Woburn, Mass. :</subfield><subfield code="b">Woburn Daily Times, Inc.</subfield></datafield><datafield ind1=" " ind2=" " tag="300"><subfield code="a">v.</subfield></datafield><datafield ind1=" " ind2=" " tag="310"><subfield code="a">Daily (except Sat. and Sun.)</subfield></datafield><datafield ind1="0" ind2=" " tag="362"><subfield code="a">Vol. 102, no. 1 (July 1, 1969)-</subfield></datafield><datafield ind1="1" ind2=" " tag="362"><subfield code="a">Ceased May 2, 1980?</subfield></datafield><datafield ind1=" " ind2=" " tag="580"><subfield code="a">Merged with: Reading chronicle (Reading, Mass. : 1881) to form: Daily times and chronicle (Woburn, Mass. : Woburn ed.), and: Daily times and chronicle (Reading, Mass.).</subfield></datafield><datafield ind1=" " ind2=" " tag="752"><subfield code="a">United States</subfield><subfield code="b">Massachusetts</subfield><subfield code="c">Middlesex</subfield><subfield code="d">Woburn.</subfield></datafield><datafield ind1=" " ind2=" " tag="752"><subfield code="a">United States</subfield><subfield code="b">Massachusetts</subfield><subfield code="c">Middlesex</subfield><subfield code="d">Burlington.</subfield></datafield><datafield ind1=" " ind2=" " tag="752"><subfield code="a">United States</subfield><subfield code="b">Massachusetts</subfield><subfield code="c">Middlesex</subfield><subfield code="d">Winchester.</subfield></datafield><datafield ind1="0" ind2="0" tag="780"><subfield code="t">Woburn daily times</subfield><subfield code="w">(DLC)sn 89062516</subfield></datafield><datafield ind1="1" ind2="7" tag="785"><subfield code="t">Reading chronicle (Reading, Mass. : 1881)</subfield><subfield code="w">(DLC)sn 89062505</subfield></datafield><datafield ind1="1" ind2="7" tag="785"><subfield code="t">Daily times and chronicle (Woburn, Mass. : Woburn ed.)</subfield><subfield code="w">(DLC)sn 89062518</subfield></datafield><datafield ind1="1" ind2="7" tag="785"><subfield code="t">Daily times and chronicle (Reading, Mass.)</subfield><subfield code="w">(DLC)sn 89062506</subfield></datafield></record>